% Encoding: UTF-8

@Book{czichos,
  title     = {A system approach to the science and technology of friction, lubrication and wear},
  publisher = {Elsevier Scientific Publishing Company},
  year      = {1978},
  author    = {Horst Czichos},
  editor    = {Horst Czichos},
  journal   = {Tribology},
}

@TechReport{hamrock_dowson_1976_a,
  author      = {Bernard J. Hamrock and Duncan Dowson},
  title       = {Isothermal elastohydrodynamic lubrication of point contacts. I - Theoretical formulation},
  institution = {Lewis research center},
  journal     = {Trans. ASME},
  year        = {1976},
}

@TechReport{hamrock_dowson_1976_b,
  author      = {Bernard J. Hamrock and Duncan Dowson},
  title       = {Isothermal elastohydrodynamic lubrication of point contacts. II - Ellipticity parameter results},
  institution = {Lewis research center},
  journal     = {Trans. ASME},
  year        = {1976},
}

@TechReport{hamrock_dowson_1977_a,
  author      = {Bernard J. Hamrock and Duncan Dowson},
  title       = {Isothermal elastohydrodynamic lubrication of point contacts. III - Fully flooded results},
  institution = {Lewis research center},
  journal     = {Trans. ASME},
  year        = {1977},
}

@TechReport{hamrock_dowson_1977_b,
  author      = {Bernard J. Hamrock and Duncan Dowson},
  title       = {Isothermal elastohydrodynamic lubrication of point contacts. IV - Starvation results},
  institution = {Lewis research center},
  journal     = {Trans. ASME},
  year        = {1977},
}

@Book{walther,
  title  = {Erdöl und Teer},
  year   = {1931},
  author = {C. Walther},
  volume = {7},
}

@Report{hirano,
  title  = {Oberservation of solidification of oils under high pressure},
  year   = {1985},
  author = {Hirano, F. Kuwano, N and Ohno, N},
  journal = {Proc. JSLE Int. Tribology Conf},
}

@Book{cameron,
  title  = {Principles of Lubrication},
  year   = {1966},
  author = {Cameron, A},
  volume = {1},
  publisher = {Longman},
}

@article{crouch_1961,
  title  = {Viscosity-temperature equations for lubrications},
  year   = {1961},
  author = {Crouch, R. F and Cameron, A},
  volume = {47},
  journal = {Journal of the Institute of Petroleum},
  pages = "307-313"
}

@article{reynolds_1886,
  title  = {On the Theory of Lubrication and its Application to Mr. Beauchamp Tower's Experiments, including an Experimental Determination of the Viscosity of Olive Oil},
  year   = {1886},
  author = {Reynolds, O},
  volume = {177},
  journal = {Philosophical Transactions of the Royal Society of London},
  pages = "157-234"
}

@Book{wisniewski,
  title  = {Elastohydrohynamische Schmierung},
  year   = {2000},
  author = {Wisniewski, Marek},
  volume = {1},
  publisher = {Expert Verlag},
}

@misc{psm,
  title = {Lexikon der Kunststoffprüfung - Polymer Service GmbH Merseburg},
  howpublished = {\url{https://wiki.polymerservice-merseburg.de/index.php/HERTZ%C2%B4sche_Pressung}},
  note = {Zugriff: 2018-01-24}
}

@Inbook{wang_jane,
editor="Wang, Q. Jane
and Chung, Yip-Wah",
title="EHL Film",
bookTitle="Encyclopedia of Tribology",
year="2013",
publisher="Springer US",
address="Boston, MA",
pages="817--817",
isbn="978-0-387-92897-5",
doi="10.1007/978-0-387-92897-5_100368",
url="https://doi.org/10.1007/978-0-387-92897-5_100368"
}

@Inbook{Larsson2013,
author="Larsson, Roland",
editor="Wang, Q. Jane
and Chung, Yip-Wah",
title="EHL Film Thickness Behavior",
bookTitle="Encyclopedia of Tribology",
year="2013",
publisher="Springer US",
address="Boston, MA",
pages="817--827",
isbn="978-0-387-92897-5",
doi="10.1007/978-0-387-92897-5_639",
url="https://doi.org/10.1007/978-0-387-92897-5_639"
}

@phdthesis{roelands,
author="C. J. A. Roelands",
title="Correlational Aspects of the Viscosity-Temperature-Pressure Relationship of Lubricating Oils",
year="1966",
school="Technische Hogeschool Delft, Netherlands",
}

@article{sanchez-rubio,
author="M. S\'{a}nchez-Rubio; F. Chinas-Castillo; F. Ruiz-Aquino and J. Lara-Romero",
title="A new focus on the Walther equation for lubricant viscosity determination",
year="2006",
journal="Lubrication Science",
volume="18",
pages="95-107",
}

@Inbook{bartz_2000,
author="Bartz W. J und Möller U. J",
editor="Bartz W. J und Möller U. J",
title="Expert Praxis-Lexikon Tribologie Plus",
year="2000",
publisher="Expert Verlag",
address="Renningen",
isbn="3816906915",
}

@book{niemann_2005,
author="Niemann G., Winter H. und Höhn B.-R",
title="Maschinenelemente Band 1: Konstruktion, Berechnung von Verbindungen, Lagern, Wellen",
year="2005",
publisher="Springer Verlag",
address="Berlin",
isbn="978-3-540-26424-8",
}Vollschmierung

@book{steinhilper_2008,
author="Steinhilper W. und Sauer B.",
title="Konstruktionselemente des Maschinenbaus 2: Grundlagen von Maschinenelementen für Antriebsaufgaben",
year="2008",
publisher="Springer Verlag",
address="Berlin",
isbn="978-3-642-24303-5",
}

@misc{ikz_haustechnik,
  title = "CKW-freie Produktion von Kupferrohren",
  howpublished = "\url{https://www.ikz.de/ikz-archiv/1996/05/9605148.php}",
  note = {Zugriff: 2018-03-07}
}

@manual{ehl,
  title = "EHL Ultra Thin Film Measurement System - User Manual",
  author = "PCS Instrument",
  year = "1999",
}

@misc{ehl_broshure,
  title = "EHD2 - Ultra thin film Measurement system",
  howpublished = "\url{http://pcs-instruments.com/wp-content/uploads/2014/03/EHD2-Brochure2017.pdf}",
  note = "Zugriff: 2018-03-12"
}

@TechReport{mach_2008,
author="Jan-Niklas Mach",
title="Schmierfilmhöhenmessung mit einem EHL-Schmierfilmhöhenmessgerät",
year="2008",
institution="Leibniz Universität Hannover",
}

@TechReport{wittek_2007,
author="Eike Christian Wittek",
title="Untersuchung des Einflusses von Bohrschlupf auf die Ausbildung das Schmierfilm in einem EHD-Wälzkontakt",
year="2007",
institution="Leibniz Universität Hannover",
}

@phdthesis{kuhlmann_2009,
author="Jens Kuhlmann",
title="Tribologische Eigenschaften von Wälzlagerschmierfetten bei dauerhaft niedrigen Betriebstemperaturen",
year="2009",
school="Leibniz Universität Hannover",
}

@article{furey_1961,
author="M. J. Furey",
title="Metallic Contact and Friction between Sliding Surface",
year="1961",
journal="ASLE Transactions",
volume="4",
}

@phdthesis{barz_1996,
author="Matthias Barz",
title="Die Schmierfilmdilbung in fettgeschmierten schnelllaufenden Spindellagern",
year="1996",
school="Leibniz Universität Hannover",
}

@phdthesis{brueser_1972,
author="Peter Brüser",
title="Untersuchungen über die Elastohydrohynamische Schmierfilmdicke bei elliptischen Hertzschen Kontaktflächen",
year="1972",
school="Technische Universität Braunschweig",
}

@phdthesis{walbeck_2004,
author="Thomas Walbeck",
title="Das Viskositätsverhalten und die Schmierfilmbildung von Schmierstoffen in Abhängigkeit von Druck und Temperatur",
year="2004",
school="RWTH Aachen",
}

@phdthesis{furtuna_2011,
author="Marian Dumitru Furtuna",
title="Study of Film Formation in EHD Contacts Using a Novel Method Based on Electrical Capacitance",
year="2011",
school="Brunel University West London",
}

@article{johnston_1991,
author="G. J. Johnston, R. Wayte and H. A. Spikes",
title="The Measurement and Study of Very Thin Lubricant Films in Concentrated Contacts",
year="1991",
journal="Tribology Transactions",
pages="187-194",
}

@article{cann_1996,
author="Philippa Cann, J. Hutchinson and H. A. Spikes",
title="The Development of a Spacer Layer Imaging Method (SLIM) for Mapping Elastohydrohynamic Contacts",
year="1996",
journal="Tribology Transactions",
pages="915-921",
}

@article{dwyer-joyce_2011,
author="Dwyer-Joyce, R. S; Reddyhoff, T and Zhu, J",
title="Ultrasonic Measurement for Film Thickness and Solid Contact in Elastohydrohynamic Lubrication",
year="2011",
journal="Journal of Tribology",
number="133 (3). 031501",
}

@article{zhang_2006,
author="Jie Zhang, Bruce W. Drinkwater and Rob S. Dwyer-Joyce",
title="Monitoring of Lubricant Film Failure in a Ball Bearing Using Ultrasond",
year="2006",
journal="ASME",
number="612",
volume="128"
}

@article{jones_2001,
author="Jones A. C; Millington M; Muhl J and De Freitas J M",
title="Calibration of an optical fluorescence method for film thickness measurement",
year="2001",
journal="Meas. Sci. Technol",
number="23",
volume="12"
}

@misc{impedance,
  title = "Electrical impedance",
  howpublished = {\url{https://en.wikipedia.org/wiki/Electrical_impedance}},
  note = {Zugriff: 2018-04-11}
}

@Comment{jabref-meta: databaseType:bibtex;}
